<record><leader>00000cas a22000007a 4500</leader><controlfield tag="001">11873048</controlfield><controlfield tag="008">850401d19001901mtuwr ne      0    0eng d</controlfield><datafield ind1=" " ind2=" " tag="010"><subfield code="a">sn 85053083 </subfield></datafield><datafield ind1=" " ind2=" " tag="040"><subfield code="a">MTL</subfield><subfield code="b">eng</subfield><subfield code="c">MTL</subfield><subfield code="d">OCLCQ</subfield></datafield><datafield ind1=" " ind2=" " tag="042"><subfield code="a">msc</subfield></datafield><datafield ind1="0" ind2=" " tag="130"><subfield code="a">Record (East Helena, Mont.)</subfield></datafield><datafield ind1="1" ind2="4" tag="245"><subfield code="a">The Record.</subfield></datafield><datafield ind1=" " ind2=" " tag="260"><subfield code="a">East Helena, Mont. :</subfield><subfield code="b">J.T. Farris,</subfield><subfield code="c">1900-1901.</subfield></datafield><datafield ind1=" " ind2=" " tag="300"><subfield code="a">2 v. :</subfield><subfield code="b">ill. ;</subfield><subfield code="c">55 cm.</subfield></datafield><datafield ind1=" " ind2=" " tag="310"><subfield code="a">Weekly</subfield></datafield><datafield ind1="0" ind2=" " tag="362"><subfield code="a">Vol. 3, no. 20 (Mar. 31, 1900)-v. 4, no. 56 (Nov. 16, 1901).</subfield></datafield><datafield ind1=" " ind2=" " tag="752"><subfield code="a">United States</subfield><subfield code="b">Montana</subfield><subfield code="c">Lewis and Clark</subfield><subfield code="d">East Helena.</subfield></datafield><datafield ind1="0" ind2="0" tag="780"><subfield code="t">East Helena record (East Helena, Mont. : 1897)</subfield><subfield code="w">(DLC)sn 85053082</subfield></datafield><datafield ind1="0" ind2="0" tag="785"><subfield code="t">East Helena record (East Helena, Mont. : 1901)</subfield><subfield code="w">(DLC)sn 85053084</subfield></datafield></record>